<record><leader>00000cas a22000007a 4500</leader><controlfield tag="001">18659701</controlfield><controlfield tag="008">881024d19631971txudr ne      0    0eng d</controlfield><datafield ind1=" " ind2=" " tag="010"><subfield code="a">sn 88084280 </subfield></datafield><datafield ind1=" " ind2=" " tag="040"><subfield code="a">PPM</subfield><subfield code="b">eng</subfield><subfield code="c">PPM</subfield><subfield code="d">OCLCQ</subfield></datafield><datafield ind1=" " ind2=" " tag="042"><subfield code="a">msc</subfield></datafield><datafield ind1="0" ind2=" " tag="130"><subfield code="a">San Antonio evening news (San Antonio, Tex. : 1963)</subfield></datafield><datafield ind1="1" ind2="0" tag="245"><subfield code="a">San Antonio evening news.</subfield></datafield><datafield ind1=" " ind2=" " tag="260"><subfield code="a">San Antonio, Tex. :</subfield><subfield code="b">Express Pub. Co.,</subfield><subfield code="c">1963-1971.</subfield></datafield><datafield ind1=" " ind2=" " tag="310"><subfield code="a">Daily</subfield></datafield><datafield ind1="0" ind2=" " tag="362"><subfield code="a">Vol. 45, no. 118 (Feb. 14, 1963)-v. 54, no. 66 (Dec. 7, 1971).</subfield></datafield><datafield ind1=" " ind2=" " tag="752"><subfield code="a">United States</subfield><subfield code="b">Texas</subfield><subfield code="c">Bexar</subfield><subfield code="d">San Antonio.</subfield></datafield><datafield ind1="0" ind2="0" tag="780"><subfield code="t">San Antonio news (San Antonio, Tex. : 1953)</subfield><subfield code="w">(DLC)sn 88084281</subfield></datafield><datafield ind1="0" ind2="0" tag="785"><subfield code="t">San Antonio news (San Antonio, Tex. : 1971)</subfield><subfield code="w">(DLC)sn 88084279</subfield></datafield></record>